@article{1,
	title		= "On the mean accuracy of statistical pattern recognizers",
	author		= "G. F. Hughes",
	journal		= "IEEE Trans. Inf. Theory",
	volume		= "IT-14",
	number  	= "1",
	pages		= "55–63",
	month    	= "Jan.",
	year		= "1968"
}

@article{2,
	title		= “Feature mining for hyperspectral image classification",
	author		= "X. Jia, B. Kuo, and M. M. Crawford",
	journal		= "Proc. IEEE",
	volume		= "101",
	number  	= "3",
	pages		= " 676–697",
	month    	= "Mar.",
	year		= "2013"
}

@book{3,
	author    = {J. A. Richards and X. Jia}, 
	title     = {Remote Sensing Digital Image Analysis},
	publisher = {Springer-Verlag},
	year      = 2006,
	address   = {Germany},
	edition   = 4,	
}

@book{4,
	author    = {K. Fukunaga}, 
	title     = {Introduction to Statistical Pattern Recognition},
	publisher = {Academic},
	year      = 1990,
	address   = {USA}
}

@article{5,
	author  = {L. Ying, G. Yanfeng, and Z. Ye}, 
	title   = {Hyperspectral feature extraction using
	selective PCA based on genetic algorithm with subgroups},
	journal = {in Proc.
	ICICIC},
	year    = 2006,
	pages   = {652–656}
}